@unpublished{Bosk2013itn,
  author={Bosk, Daniel},
  title={En introduktion till kryptografi},
  year={2013},
  URL={http://ver.miun.se/courses/security/compendii/introcrypt.pdf},
}

@unpublished{kthtalteori,
  author={Enblom, Andreas and
    Sola, Alan},
  title={Talteori},
  year={2008},
  note={KTH:s matematiska cirkel 2008--2009, Kungliga Tekniska högskolan},
  URL={http://www.math.kth.se/cirkel/2008/kompendium.pdf},
}
@unpublished{kthsannolikhet,
  author={Arnlind, Joakim and Enblom, Andreas},
  title={Sannolikhetsteori},
  year={2007},
  note={KTH:s matematiska cirkel 2007--2008, Kungliga Tekniska högskolan},
  URL={http://www.math.kth.se/cirkel/2007/kompendium07.pdf},
}
@book{Stinson2006cta,
  author={Stinson, Douglas R.},
  title={Cryptography : theory and practice},
  publisher={Chapman {\&} Hall/CRC},
  address={Boca Raton},
  year={2006},
  edition={3},
  ISBN={1-58488-508-4 (Hardcover)},
  keywords={Kryptering},
}
