@book{Anderson2008sea,
  author={Anderson, Ross J.},
  title={Security Engineering},
  subtitle={A guide to building dependable distributed systems},
  publisher={Wiley},
  address={Indianapolis, IN},
  year={2008},
  edition={2},
  ISBN={978-0-470-06852-6 (hbk.)},
  URL={http://www.cl.cam.ac.uk/~rja14/book.html},
  keywords={IT-s{\"a}kerhet},
}

@book{Gollmann2011cs,
  author={Gollmann, Dieter},
  title={Computer Security},
  publisher={Wiley},
  address={Chichester, West Sussex, U.K.},
  year={2011},
  edition={3},
  ISBN={9780470741153 (pbk.)},
  keywords={IT-s{\"a}kerhet},
}

@book{Stallings2011can,
  author={Stallings, William},
  title={Cryptography and network security : principles and practice},
  publisher={Prentice Hall},
  address={Upper Saddle River},
  year={2011},
  edition={5. ed., International ed.},
  ISBN={0-13-705632-X (pbk)},
  keywords={Kryptering Kryptologi IT-s{\"a}kerhet Dataskydd},
}
