@book{Anderson2008sea,
  author={Anderson, Ross J.},
  title={Security Engineering},
  subtitle={A guide to building dependable distributed systems},
  publisher={Wiley},
  address={Indianapolis, IN},
  year={2008},
  edition={2},
  ISBN={978-0-470-06852-6 (hbk.)},
  URL={http://www.cl.cam.ac.uk/~rja14/book.html},
  keywords={IT-s{\"a}kerhet},
}

@unpublished{Bosk2013itn,
  author={Bosk, Daniel},
  title={Introduktion till n책gra klassiska chiffer},
  year={2013},
  URL={http://ver.miun.se/courses/security/compendii/krypto.pdf},
}

@incollection{OED2013cg,
  booktitle={{OED Online}},
  title={cryptography, n.},
  publisher={Oxford University Press},
  year={2013},
  month={3},
  note={H채mtad den 5 april 2013},
  URL={http://www.oed.com/view/Entry/45374?redirectedFrom=cryptography&},
}
@incollection{OED2013c,
  booktitle={{OED Online}},
  title={crypto-, comb. form},
  publisher={Oxford University Press},
  year={2013},
  month={3},
  note={H채mtad den 5 april 2013},
  URL={http://www.oed.com/view/Entry/45363},
}
@incollection{OED2013g,
  booktitle={{OED Online}},
  title={graphy-, comb. form},
  publisher={Oxford University Press},
  year={2013},
  month={3},
  note={H채mtad den 5 april 2013},
  URL={http://www.oed.com/view/Entry/80855},
}

@book{Stallings2013nse,
  author={Stallings, William},
  title={Network security essentials : applications and standards},
  publisher={Pearson Education},
  year={2013},
  edition={5},
  ISBN={978-0-273-79336-6},
  keywords={IT-s{\"a}kerhet Datan{\"a}t Datakommunikation Kryptering},
  note={International Edition}
}
@book{Stallings2011can,
  author={Stallings, William},
  title={Cryptography and network security : principles and practice},
  publisher={Prentice Hall},
  address={Upper Saddle River},
  year={2011},
  edition={5. ed., International ed.},
  ISBN={0-13-705632-X (pbk)},
  keywords={Kryptering Kryptologi IT-s{\"a}kerhet Dataskydd},
}
