@incollection{OED2013cg,
  booktitle={{OED Online}},
  title={cryptography, n.},
  publisher={Oxford University Press},
  year={2013},
  month={3},
  note={Hämtad den 5 april 2013},
  URL={http://www.oed.com/view/Entry/45374?redirectedFrom=cryptography&},
}
@incollection{OED2013c,
  booktitle={{OED Online}},
  title={crypto-, comb. form},
  publisher={Oxford University Press},
  year={2013},
  month={3},
  note={Hämtad den 5 april 2013},
  URL={http://www.oed.com/view/Entry/45363},
}
@incollection{OED2013g,
  booktitle={{OED Online}},
  title={graphy-, comb. form},
  publisher={Oxford University Press},
  year={2013},
  month={3},
  note={Hämtad den 5 april 2013},
  URL={http://www.oed.com/view/Entry/80855},
}

@article{KerckhoffsPrinciple,
  title={La cryptographie militaire},
  author={Kerckhoff, Auguste},
  journal={Journal des sciences militaires},
  volume={9},
  pages={5--38, 161--191},
  year={1883}
}
