@Book{		  EOCS,
  title		= {Encyclopedia of cryptography and security},
  author	= {Van Tilborg, Henk CA and Jajodia, Sushil},
  year		= {2014},
  publisher	= {Springer Science \& Business Media}
}
