@book{EOCS,
  title={Encyclopedia of cryptography and security},
  author={Van Tilborg, Henk CA and Jajodia, Sushil},
  year={2014},
  publisher={Springer Science \& Business Media}
}

@book{Anderson2008sea,
  author={Anderson, Ross J.},
  title={Security Engineering},
  subtitle={A guide to building dependable distributed systems},
  publisher={Wiley},
  address={Indianapolis, IN},
  year={2008},
  edition={2},
  ISBN={978-0-470-06852-6 (hbk.)},
  URL={http://www.cl.cam.ac.uk/~rja14/book.html},
  keywords={IT-s{\"a}kerhet},
}
@book{Gollmann2011cs,
  author={Gollmann, Dieter},
  title={Computer Security},
  publisher={Wiley},
  address={Chichester, West Sussex, U.K.},
  year={2011},
  edition={3},
  ISBN={9780470741153 (pbk.)},
  keywords={IT-s{\"a}kerhet},
}

@incollection{OED2013cg,
  booktitle={{OED Online}},
  title={cryptography, n.},
  publisher={Oxford University Press},
  year={2013},
  month={3},
  note={Hämtad den 5 april 2013},
  URL={http://www.oed.com/view/Entry/45374?redirectedFrom=cryptography&},
}
@incollection{OED2013c,
  booktitle={{OED Online}},
  title={crypto-, comb. form},
  publisher={Oxford University Press},
  year={2013},
  month={3},
  note={Hämtad den 5 april 2013},
  URL={http://www.oed.com/view/Entry/45363},
}
@incollection{OED2013g,
  booktitle={{OED Online}},
  title={graphy-, comb. form},
  publisher={Oxford University Press},
  year={2013},
  month={3},
  note={Hämtad den 5 april 2013},
  URL={http://www.oed.com/view/Entry/80855},
}

@article{KerckhoffsPrinciple,
  title={La cryptographie militaire},
  author={Kerckhoff, Auguste},
  journal={Journal des sciences militaires},
  volume={9},
  pages={5--38, 161--191},
  year={1883}
}

@phdthesis{GentryFullyHomomorphicEncryption,
  title={A fully homomorphic encryption scheme},
  author={Gentry, Craig},
  year={2009},
  school={Stanford University},
  URL={https://crypto.stanford.edu/craig/craig-thesis.pdf},
}
