@book{EOCS,
  title={Encyclopedia of cryptography and security},
  author={Van Tilborg, Henk CA and Jajodia, Sushil},
  year={2011},
  publisher={Springer Science \& Business Media},
  URL={https://link.springer.com/referencework/10.1007%2F978-1-4419-5906-5}
}

