@unpublished{Nakamoto2008bap,
  author={Nakamoto, Satoshi},
  title={Bitcoin: A Peer-to-peer Electronic Cash System},
  year={2008},
  URL={http://bitcoin.org/bitcoin.pdf},
}
@incollection{Barber2012btb,
  title={Bitter to Better--How to Make Bitcoin a Better Currency},
  author={Barber, Simon and Boyen, Xavier and Shi, Elaine and Uzun, Ersin},
  booktitle={Financial Cryptography and Data Security},
  pages={399--414},
  year={2012},
  publisher={Springer}
}
@misc{Peck2012btc,
  title={Bitcoin: The Cryptoanarchists' Answer to Cash},
  author={Peck, Morgen E.},
  year={2012},
  month={6},
  howpublished={IEEE Spectrum},
  URL={http://spectrum.ieee.org/computing/software/bitcoin-the-cryptoanarchists-answer-to-cash/0},
}

@misc{Kaminsky2013lct,
  author={Kaminsky, Dan},
  title={Let's Cut Through the {Bitcoin} Hype: A Hacker--Entrepreneur's Take},
  year={2013},
  month={5},
  howpublished={Wired},
  URL={http://www.wired.com/opinion/2013/05/lets-cut-through-the-bitcoin-hype/},
}
